%Schafer, J.L., Olsen, M.K., 1998. Multiple imputation for multivariate
missing-data problems: a data analyst’s perspective. Multivariate
Behav. Res. 33, 545–571.

James, B. (1982), "The Bill James Baseball Abstract," New York: Ballan- tine Books.


@article{Fair2007,
author = {Fair, R.C.},
title = {Estimated Age Effects in Athletics Events and Chess},
journal = {Experimental Aging Research},
year = {2007},
volume = {33},
pages = {37-57}
}

@article{Fair2008,
author = {Fair, R.C.},
title = {Estimated Age Effects in baseball},
journal = {Journal of Quantitative Analysis in Sports},
year = {2008},
volume = {4},
number = {1}
}







@article{BerryEtAl1999,
author = { Scott M.   Berry  and  C.   Shane   Reese  and  Patrick D.   Larkey },
title = {Bridging Different Eras in Sports},
journal = {Journal of the American Statistical Association},
volume = {94},
number = {447},
pages = {661-676},
year  = {1999},
publisher = {Taylor & Francis},
doi = {10.1080/01621459.1999.10474163},

URL = { 
        https://www.tandfonline.com/doi/abs/10.1080/01621459.1999.10474163
    
},
eprint = { 
        https://www.tandfonline.com/doi/pdf/10.1080/01621459.1999.10474163
    
}

}



@article{Albert1992,
author = {Albert, J.},
title = {A Bayesian Analysis of a Poisson Random Effects Model for Home Run Hitters},
journal = {The American Statistician},
year = {1992},
volume = {46},
number = {4},
pages = {246-253}
}

@article{Albert1999,
author = {Albert, J.},
title = {Bridging Different Eras in Sports: Comment},
journal = {Journal of the American Statistical Association},
year = {1992},
volume = {46},
number = {4},
pages = {246-253}
}

 


@article{HeEtAl2011,
author = {He, Y. and Yucel, R. and Raghunathan, T.E.},
title = {A functional multiple imputation approach to incomplete longitudinal data},
journal = {Statistics in Medicine},
year = {2011},
volume = {30},
number = {10},
pages = {1137--1156}
}









@article{HeEtAl2011,
author = {Yulei, H., Yucel, R., and Raghunathan, T.E.},
title = {A functional multiple imputation approach to incomplete longitudinal data},
journal = {Statistics in Medicine},
volume = {30},
number = {10},
year = {2011},
pages = {1137-1156}
}




@article{AndridgeLittle2010,
author = {Andridge, R.R. and Little, R. J. A.},
title = {A Review of Hot Deck Imputation for Survey Non-Response},
journal = {International statistical review},
volume = {78},
number = {1},
year = {2010},
pages = {40--64}
}

@article{PMM,
author = {Little, R.J.A.},
title = {Missing-data adjustments in large surveys},
journal = {Journal of Business and Economic Statistics},
volume = {6},
year = {1988},
pages = {287--296}
}


@article{Murray2018,
author = {Murary, J.S.},
title = {Multiple Imputation: A Review of Practical and Theoretical Findings},
journal = {Statistical Science},
volume = {33},
number = {2},
year = {2018},
pages = {142--159}
}




@article{HarelZhou2007,
author = {Harel, O. and Zhou, X.H.},
title = {Multiple imputation: review of theory, implementation and software.},
journal = {Statistics in Medicine},
volume = {26},
number = {16},
year = {2007},
pages = {3057-77}
}



@article{EM,
author = {Dempster, A.P., Laird, N.M., and Rubin, D.B.},
title = {Maximum Likelihood from Incomplete Data via the {EM} Algorithm.},
journal = {Journal of the Royal Statistical Society. Series B (Methodological)},
volume = {39},
number = {1},
year = {1977},
pages = {1--38}
}



@book{SchaferBook,
  author    = {Schafer, J.}, 
  title     = {Analysis of Incomplete Multivariate Data},
  publisher = {Chapman and Hall/CRC},
  year      = {2000},
  address   = {Boca Raton},
  isbn      = {}
}

@book{LittleRubin1987,
  author    = {Little, R.J.A. and Rubin, D.B.}, 
  title     = {Statistical Analysis with Missing Data },
  publisher = {John Wiley \& Sons},
  year      = {1987},
  address   = {},
  isbn      = {}
}



@article{HortonKleinman2007,
author = {Horton, N.J. and Kleinman, K.P.},
title = {Much ado about nothing: A comparison of missing data methods and software to fit incomplete data regression models.},
journal = {American Statistician},
volume = {61},
number = {1},
year = {2007},
pages = {79--90}
}



@book{LittleRubin1987,
  author    = {Little, R.J.A. and Rubin, D.B.}, 
  title     = {Statistical Analysis with Missing Data },
  publisher = {John Wiley \& Sons},
  year      = {1987},
  address   = {},
  isbn      = {}
}


